<record><leader>00000cas a22000007a 4500</leader><controlfield tag="001">20280402</controlfield><controlfield tag="008">890830d18951911mouwr ne      0    0eng d</controlfield><datafield ind1=" " ind2=" " tag="010"><subfield code="a">sn 89066732 </subfield></datafield><datafield ind1=" " ind2=" " tag="040"><subfield code="a">MQN</subfield><subfield code="b">eng</subfield><subfield code="c">MQN</subfield><subfield code="d">OCLCQ</subfield></datafield><datafield ind1=" " ind2=" " tag="042"><subfield code="a">msc</subfield></datafield><datafield ind1="0" ind2=" " tag="130"><subfield code="a">Russellville rustler (Russellville, Mo. : 1895)</subfield></datafield><datafield ind1="1" ind2="0" tag="245"><subfield code="a">Russellville rustler.</subfield></datafield><datafield ind1=" " ind2=" " tag="260"><subfield code="a">Russellville, Cole Co., Mo. :</subfield><subfield code="b">Geo. W. Tremain,</subfield><subfield code="c">1895-1911.</subfield></datafield><datafield ind1=" " ind2=" " tag="300"><subfield code="a">v.</subfield></datafield><datafield ind1=" " ind2=" " tag="310"><subfield code="a">Weekly</subfield></datafield><datafield ind1="1" ind2=" " tag="362"><subfield code="a">Began in 1895.</subfield></datafield><datafield ind1="0" ind2=" " tag="362"><subfield code="a">-v. 15, no. 39 (Mar. 31, 1911).</subfield></datafield><datafield ind1=" " ind2=" " tag="588"><subfield code="a">Description based on: Vol. 3, no. 9 (Aug. 6, 1897).</subfield></datafield><datafield ind1=" " ind2="4" tag="651"><subfield code="a">Russellville (Mo.)</subfield><subfield code="v">Newspapers.</subfield></datafield><datafield ind1=" " ind2=" " tag="752"><subfield code="a">United States</subfield><subfield code="b">Missouri</subfield><subfield code="c">Cole</subfield><subfield code="d">Russellville.</subfield></datafield><datafield ind1="0" ind2="0" tag="785"><subfield code="t">Russellville weekly rustler</subfield><subfield code="w">(DLC)sn 89066733</subfield></datafield></record>